@book{Ademir,
    author ={Ribeiro A.A e Karas E.W} ,
    title ={Otimização Contínua, Aspectos teóricos e computacionais} ,
    publisher = {Cengage Learning},
    year ={2014} 
}

@article{platt,
    author ={John C. Platt} ,
    title ={Sequential Minimal Optimization: A fast Algorithm for Training Support Vector Machines},
    year ={1998} 
}


@thesis{Evelin,
    author ={Evelin H. M. Krulikovski} ,
    title ={Análise Teórica de Máquinas de Vetores Suporte e Aplicação a Classificação de Caracteres},
    school ={UFPR},
    year = {2017}